@article{armbrust2010view,
  title={A view of cloud computing},
  author={Armbrust, M. and Fox, A. and Griffith, R. and Joseph, A.D. and Katz, R. and Konwinski, A. and Lee, G. and Patterson, D. and Rabkin, A. and Stoica, I. and others},
  journal={Communications of the ACM},
  volume={53},
  number={4},
  pages={50--58},
  year={2010},
  publisher={ACM}
}

@article{buyya2009cloud,
  title={Cloud computing and emerging IT platforms: Vision, hype, and reality for delivering computing as the 5th utility},
  author={Buyya, R. and Yeo, C.S. and Venugopal, S. and Broberg, J. and Brandic, I.},
  journal={Future Generation computer systems},
  volume={25},
  number={6},
  pages={599--616},
  year={2009},
  publisher={Elsevier}
}
@article{asanovic2008parallel,
  title={The parallel computing laboratory at UC Berkeley: A research agenda based on the Berkeley view},
  author={Asanovic, K. and Bodik, R. and Demmel, J. and Keaveny, T. and Keutzer, K. and Kubiatowicz, J.D. and Lee, E.A. and Morgan, N. and Necula, G. and Patterson, D.A. and others},
  journal={EECS Department, University of California, Berkeley, Tech. Rep},
  year={2008}
}
